<mx:record xmlns="http://www.w3.org/TR/xhtml1/strict" xmlns:mx="http://www.loc.gov/MARC21/slim" xmlns:xsi="http://www.w3.org/2001/XMLSchema-instance"><mx:leader>00000cz   2200000n  4500</mx:leader><mx:controlfield tag="001">oca00112493 </mx:controlfield><mx:controlfield tag="005">20020108164601.0</mx:controlfield><mx:controlfield tag="008">810114n| acannaab           |a aaa      </mx:controlfield><mx:datafield ind1=" " ind2=" " tag="010"><mx:subfield code="a">n  50078865 </mx:subfield></mx:datafield><mx:datafield ind1=" " ind2=" " tag="040"><mx:subfield code="a">DLC</mx:subfield><mx:subfield code="c">DLC</mx:subfield><mx:subfield code="d">DLC</mx:subfield></mx:datafield><mx:datafield ind1="1" ind2=" " tag="100"><mx:subfield code="a">Bembo, Pietro,</mx:subfield><mx:subfield code="d">1470-1547</mx:subfield></mx:datafield><mx:datafield ind1="1" ind2=" " tag="400"><mx:subfield code="a">Bembo, Pietro,</mx:subfield><mx:subfield code="c">Cardinal,</mx:subfield><mx:subfield code="d">1470-1547</mx:subfield><mx:subfield code="w">nnaa</mx:subfield></mx:datafield><mx:datafield ind1="1" ind2=" " tag="400"><mx:subfield code="a">Bembus, Petrus,</mx:subfield><mx:subfield code="d">1470-1547</mx:subfield></mx:datafield><mx:datafield ind1="1" ind2=" " tag="400"><mx:subfield code="a">Bembo,</mx:subfield><mx:subfield code="d">1470-1547</mx:subfield></mx:datafield><mx:datafield ind1=" " ind2=" " tag="670"><mx:subfield code="a">His Petri Bembi opuscula aliquot ... 1532:</mx:subfield><mx:subfield code="b">t.p. (Petri Bembi ...) p. 83 (Petrus Bembus)</mx:subfield></mx:datafield><mx:datafield ind1=" " ind2=" " tag="670"><mx:subfield code="a">Ponte, G. Cinquanta stanze del Bembo, 1981-1982.</mx:subfield></mx:datafield><mx:datafield ind1=" " ind2=" " tag="999"><mx:subfield code="a">511</mx:subfield></mx:datafield></mx:record>